%YAML 1.1
%TAG !u! tag:unity3d.com,2011:
--- !u!1 &8651754723528696514
GameObject:
  m_ObjectHideFlags: 0
  m_CorrespondingSourceObject: {fileID: 0}
  m_PrefabInstance: {fileID: 0}
  m_PrefabAsset: {fileID: 0}
  serializedVersion: 6
  m_Component:
  - component: {fileID: 8803280363840300682}
  - component: {fileID: 1267567691319575707}
  - component: {fileID: 4322877935229562393}
  - component: {fileID: 8850897268441874748}
  m_Layer: 0
  m_Name: GameTile
  m_TagString: Untagged
  m_Icon: {fileID: 0}
  m_NavMeshLayer: 0
  m_StaticEditorFlags: 0
  m_IsActive: 1
--- !u!4 &8803280363840300682
Transform:
  m_ObjectHideFlags: 0
  m_CorrespondingSourceObject: {fileID: 0}
  m_PrefabInstance: {fileID: 0}
  m_PrefabAsset: {fileID: 0}
  m_GameObject: {fileID: 8651754723528696514}
  m_LocalRotation: {x: 0, y: 0, z: 0, w: 1}
  m_LocalPosition: {x: 0, y: 0, z: 0}
  m_LocalScale: {x: 1, y: 1, z: 1}
  m_Children:
  - {fileID: 6611062229330833542}
  m_Father: {fileID: 0}
  m_RootOrder: 0
  m_LocalEulerAnglesHint: {x: 0, y: 0, z: 0}
--- !u!212 &1267567691319575707
SpriteRenderer:
  m_ObjectHideFlags: 0
  m_CorrespondingSourceObject: {fileID: 0}
  m_PrefabInstance: {fileID: 0}
  m_PrefabAsset: {fileID: 0}
  m_GameObject: {fileID: 8651754723528696514}
  m_Enabled: 1
  m_CastShadows: 0
  m_ReceiveShadows: 0
  m_DynamicOccludee: 1
  m_MotionVectors: 1
  m_LightProbeUsage: 1
  m_ReflectionProbeUsage: 1
  m_RayTracingMode: 0
  m_RayTraceProcedural: 0
  m_RenderingLayerMask: 1
  m_RendererPriority: 0
  m_Materials:
  - {fileID: 10754, guid: 0000000000000000f000000000000000, type: 0}
  m_StaticBatchInfo:
    firstSubMesh: 0
    subMeshCount: 0
  m_StaticBatchRoot: {fileID: 0}
  m_ProbeAnchor: {fileID: 0}
  m_LightProbeVolumeOverride: {fileID: 0}
  m_ScaleInLightmap: 1
  m_ReceiveGI: 1
  m_PreserveUVs: 0
  m_IgnoreNormalsForChartDetection: 0
  m_ImportantGI: 0
  m_StitchLightmapSeams: 1
  m_SelectedEditorRenderState: 0
  m_MinimumChartSize: 4
  m_AutoUVMaxDistance: 0.5
  m_AutoUVMaxAngle: 89
  m_LightmapParameters: {fileID: 0}
  m_SortingLayerID: 0
  m_SortingLayer: 0
  m_SortingOrder: 2
  m_Sprite: {fileID: 21300000, guid: e10e5a030b1f00443ad2fe5e828faff5, type: 3}
  m_Color: {r: 1, g: 1, b: 1, a: 1}
  m_FlipX: 0
  m_FlipY: 0
  m_DrawMode: 0
  m_Size: {x: 0.64, y: 0.64}
  m_AdaptiveModeThreshold: 0.5
  m_SpriteTileMode: 0
  m_WasSpriteAssigned: 1
  m_MaskInteraction: 0
  m_SpriteSortPoint: 0
--- !u!61 &4322877935229562393
BoxCollider2D:
  m_ObjectHideFlags: 0
  m_CorrespondingSourceObject: {fileID: 0}
  m_PrefabInstance: {fileID: 0}
  m_PrefabAsset: {fileID: 0}
  m_GameObject: {fileID: 8651754723528696514}
  m_Enabled: 1
  m_Density: 1
  m_Material: {fileID: 0}
  m_IsTrigger: 1
  m_UsedByEffector: 0
  m_UsedByComposite: 0
  m_Offset: {x: 0, y: 0}
  m_SpriteTilingProperty:
    border: {x: 0, y: 0, z: 0, w: 0}
    pivot: {x: 0.5, y: 0.5}
    oldSize: {x: 0.6361905, y: 0.5847619}
    newSize: {x: 0.64, y: 0.64}
    adaptiveTilingThreshold: 0.5
    drawMode: 0
    adaptiveTiling: 0
  m_AutoTiling: 0
  serializedVersion: 2
  m_Size: {x: 0.64, y: 0.64}
  m_EdgeRadius: 0
--- !u!114 &8850897268441874748
MonoBehaviour:
  m_ObjectHideFlags: 0
  m_CorrespondingSourceObject: {fileID: 0}
  m_PrefabInstance: {fileID: 0}
  m_PrefabAsset: {fileID: 0}
  m_GameObject: {fileID: 8651754723528696514}
  m_Enabled: 1
  m_EditorHideFlags: 0
  m_Script: {fileID: 11500000, guid: e1067992529fae847a61039d2a8da6ee, type: 3}
  m_Name: 
  m_EditorClassIdentifier: 
  TileIndex: {x: 0, y: 0}
  alreadyMatched: 0
  SelectedColor: {r: 0.36862746, g: 0.36862746, b: 0.36862746, a: 1}
  OnMatchParticleSystem: {fileID: 6611062229330833541}
  _tileData:
    ID: 0
    TileSprite: {fileID: 0}
    OnMatchParticleSystemColor: {r: 0, g: 0, b: 0, a: 0}
--- !u!1001 &1955802976079120034
PrefabInstance:
  m_ObjectHideFlags: 0
  serializedVersion: 2
  m_Modification:
    m_TransformParent: {fileID: 8803280363840300682}
    m_Modifications:
    - target: {fileID: 4655418422612276769, guid: ee2062e5814b9dc478f71ff8ce59ad7d,
        type: 3}
      propertyPath: m_Name
      value: Match Effect PS
      objectReference: {fileID: 0}
    - target: {fileID: 4655418422612276772, guid: ee2062e5814b9dc478f71ff8ce59ad7d,
        type: 3}
      propertyPath: m_RootOrder
      value: 0
      objectReference: {fileID: 0}
    - target: {fileID: 4655418422612276772, guid: ee2062e5814b9dc478f71ff8ce59ad7d,
        type: 3}
      propertyPath: m_LocalPosition.x
      value: 0
      objectReference: {fileID: 0}
    - target: {fileID: 4655418422612276772, guid: ee2062e5814b9dc478f71ff8ce59ad7d,
        type: 3}
      propertyPath: m_LocalPosition.y
      value: 0
      objectReference: {fileID: 0}
    - target: {fileID: 4655418422612276772, guid: ee2062e5814b9dc478f71ff8ce59ad7d,
        type: 3}
      propertyPath: m_LocalPosition.z
      value: 0
      objectReference: {fileID: 0}
    - target: {fileID: 4655418422612276772, guid: ee2062e5814b9dc478f71ff8ce59ad7d,
        type: 3}
      propertyPath: m_LocalRotation.w
      value: 0.7071068
      objectReference: {fileID: 0}
    - target: {fileID: 4655418422612276772, guid: ee2062e5814b9dc478f71ff8ce59ad7d,
        type: 3}
      propertyPath: m_LocalRotation.x
      value: -0.7071068
      objectReference: {fileID: 0}
    - target: {fileID: 4655418422612276772, guid: ee2062e5814b9dc478f71ff8ce59ad7d,
        type: 3}
      propertyPath: m_LocalRotation.y
      value: 0
      objectReference: {fileID: 0}
    - target: {fileID: 4655418422612276772, guid: ee2062e5814b9dc478f71ff8ce59ad7d,
        type: 3}
      propertyPath: m_LocalRotation.z
      value: 0
      objectReference: {fileID: 0}
    - target: {fileID: 4655418422612276772, guid: ee2062e5814b9dc478f71ff8ce59ad7d,
        type: 3}
      propertyPath: m_LocalEulerAnglesHint.x
      value: -90
      objectReference: {fileID: 0}
    - target: {fileID: 4655418422612276772, guid: ee2062e5814b9dc478f71ff8ce59ad7d,
        type: 3}
      propertyPath: m_LocalEulerAnglesHint.y
      value: 0
      objectReference: {fileID: 0}
    - target: {fileID: 4655418422612276772, guid: ee2062e5814b9dc478f71ff8ce59ad7d,
        type: 3}
      propertyPath: m_LocalEulerAnglesHint.z
      value: 0
      objectReference: {fileID: 0}
    - target: {fileID: 4655418422612276774, guid: ee2062e5814b9dc478f71ff8ce59ad7d,
        type: 3}
      propertyPath: m_RenderMode
      value: 0
      objectReference: {fileID: 0}
    - target: {fileID: 4655418422612276774, guid: ee2062e5814b9dc478f71ff8ce59ad7d,
        type: 3}
      propertyPath: m_Materials.Array.size
      value: 1
      objectReference: {fileID: 0}
    - target: {fileID: 4655418422612276775, guid: ee2062e5814b9dc478f71ff8ce59ad7d,
        type: 3}
      propertyPath: TrailModule.mode
      value: 0
      objectReference: {fileID: 0}
    - target: {fileID: 4655418422612276775, guid: ee2062e5814b9dc478f71ff8ce59ad7d,
        type: 3}
      propertyPath: TrailModule.ratio
      value: 0.2
      objectReference: {fileID: 0}
    - target: {fileID: 4655418422612276775, guid: ee2062e5814b9dc478f71ff8ce59ad7d,
        type: 3}
      propertyPath: LightsModule.color
      value: 0
      objectReference: {fileID: 0}
    - target: {fileID: 4655418422612276775, guid: ee2062e5814b9dc478f71ff8ce59ad7d,
        type: 3}
      propertyPath: LightsModule.light
      value: 
      objectReference: {fileID: 0}
    - target: {fileID: 4655418422612276775, guid: ee2062e5814b9dc478f71ff8ce59ad7d,
        type: 3}
      propertyPath: LightsModule.range
      value: 0
      objectReference: {fileID: 0}
    - target: {fileID: 4655418422612276775, guid: ee2062e5814b9dc478f71ff8ce59ad7d,
        type: 3}
      propertyPath: LightsModule.ratio
      value: 0
      objectReference: {fileID: 0}
    - target: {fileID: 4655418422612276775, guid: ee2062e5814b9dc478f71ff8ce59ad7d,
        type: 3}
      propertyPath: TrailModule.enabled
      value: 0
      objectReference: {fileID: 0}
    - target: {fileID: 4655418422612276775, guid: ee2062e5814b9dc478f71ff8ce59ad7d,
        type: 3}
      propertyPath: ForceModule.x.scalar
      value: 0
      objectReference: {fileID: 0}
    - target: {fileID: 4655418422612276775, guid: ee2062e5814b9dc478f71ff8ce59ad7d,
        type: 3}
      propertyPath: LightsModule.enabled
      value: 0
      objectReference: {fileID: 0}
    - target: {fileID: 4655418422612276775, guid: ee2062e5814b9dc478f71ff8ce59ad7d,
        type: 3}
      propertyPath: LightsModule.intensity
      value: 0
      objectReference: {fileID: 0}
    - target: {fileID: 4655418422612276775, guid: ee2062e5814b9dc478f71ff8ce59ad7d,
        type: 3}
      propertyPath: RotationModule.enabled
      value: 0
      objectReference: {fileID: 0}
    - target: {fileID: 4655418422612276775, guid: ee2062e5814b9dc478f71ff8ce59ad7d,
        type: 3}
      propertyPath: RotationModule.x.scalar
      value: 0
      objectReference: {fileID: 0}
    - target: {fileID: 4655418422612276775, guid: ee2062e5814b9dc478f71ff8ce59ad7d,
        type: 3}
      propertyPath: RotationModule.y.scalar
      value: 0
      objectReference: {fileID: 0}
    - target: {fileID: 4655418422612276775, guid: ee2062e5814b9dc478f71ff8ce59ad7d,
        type: 3}
      propertyPath: TrailModule.textureMode
      value: 2
      objectReference: {fileID: 0}
    - target: {fileID: 4655418422612276775, guid: ee2062e5814b9dc478f71ff8ce59ad7d,
        type: 3}
      propertyPath: ForceModule.x.minMaxState
      value: 0
      objectReference: {fileID: 0}
    - target: {fileID: 4655418422612276775, guid: ee2062e5814b9dc478f71ff8ce59ad7d,
        type: 3}
      propertyPath: ForceModule.y.minMaxState
      value: 0
      objectReference: {fileID: 0}
    - target: {fileID: 4655418422612276775, guid: ee2062e5814b9dc478f71ff8ce59ad7d,
        type: 3}
      propertyPath: ForceModule.z.minMaxState
      value: 0
      objectReference: {fileID: 0}
    - target: {fileID: 4655418422612276775, guid: ee2062e5814b9dc478f71ff8ce59ad7d,
        type: 3}
      propertyPath: RotationModule.curve.scalar
      value: -0.7853981
      objectReference: {fileID: 0}
    - target: {fileID: 4655418422612276775, guid: ee2062e5814b9dc478f71ff8ce59ad7d,
        type: 3}
      propertyPath: RotationModule.separateAxes
      value: 0
      objectReference: {fileID: 0}
    - target: {fileID: 4655418422612276775, guid: ee2062e5814b9dc478f71ff8ce59ad7d,
        type: 3}
      propertyPath: RotationModule.x.minMaxState
      value: 0
      objectReference: {fileID: 0}
    - target: {fileID: 4655418422612276775, guid: ee2062e5814b9dc478f71ff8ce59ad7d,
        type: 3}
      propertyPath: RotationModule.y.minMaxState
      value: 0
      objectReference: {fileID: 0}
    - target: {fileID: 4655418422612276775, guid: ee2062e5814b9dc478f71ff8ce59ad7d,
        type: 3}
      propertyPath: RotationBySpeedModule.enabled
      value: 0
      objectReference: {fileID: 0}
    - target: {fileID: 4655418422612276775, guid: ee2062e5814b9dc478f71ff8ce59ad7d,
        type: 3}
      propertyPath: InitialModule.startSize.scalar
      value: 0.5
      objectReference: {fileID: 0}
    - target: {fileID: 4655418422612276775, guid: ee2062e5814b9dc478f71ff8ce59ad7d,
        type: 3}
      propertyPath: LightsModule.rangeCurve.scalar
      value: 10
      objectReference: {fileID: 0}
    - target: {fileID: 4655418422612276775, guid: ee2062e5814b9dc478f71ff8ce59ad7d,
        type: 3}
      propertyPath: RotationModule.curve.minScalar
      value: 0
      objectReference: {fileID: 0}
    - target: {fileID: 4655418422612276775, guid: ee2062e5814b9dc478f71ff8ce59ad7d,
        type: 3}
      propertyPath: LightsModule.randomDistribution
      value: 0
      objectReference: {fileID: 0}
    - target: {fileID: 4655418422612276775, guid: ee2062e5814b9dc478f71ff8ce59ad7d,
        type: 3}
      propertyPath: RotationModule.curve.minMaxState
      value: 0
      objectReference: {fileID: 0}
    - target: {fileID: 4655418422612276775, guid: ee2062e5814b9dc478f71ff8ce59ad7d,
        type: 3}
      propertyPath: LightsModule.intensityCurve.scalar
      value: 10
      objectReference: {fileID: 0}
    - target: {fileID: 4655418422612276775, guid: ee2062e5814b9dc478f71ff8ce59ad7d,
        type: 3}
      propertyPath: RotationBySpeedModule.separateAxes
      value: 0
      objectReference: {fileID: 0}
    - target: {fileID: 4655418422612276775, guid: ee2062e5814b9dc478f71ff8ce59ad7d,
        type: 3}
      propertyPath: InitialModule.startColor.maxColor.b
      value: 1
      objectReference: {fileID: 0}
    - target: {fileID: 4655418422612276775, guid: ee2062e5814b9dc478f71ff8ce59ad7d,
        type: 3}
      propertyPath: InitialModule.startColor.maxColor.g
      value: 1
      objectReference: {fileID: 0}
    - target: {fileID: 4655418422612276775, guid: ee2062e5814b9dc478f71ff8ce59ad7d,
        type: 3}
      propertyPath: InitialModule.startColor.maxColor.r
      value: 1
      objectReference: {fileID: 0}
    - target: {fileID: 4655418422612276775, guid: ee2062e5814b9dc478f71ff8ce59ad7d,
        type: 3}
      propertyPath: RotationModule.curve.maxCurve.m_Curve.Array.data[0].value
      value: 0
      objectReference: {fileID: 0}
    - target: {fileID: 4655418422612276775, guid: ee2062e5814b9dc478f71ff8ce59ad7d,
        type: 3}
      propertyPath: RotationModule.curve.maxCurve.m_Curve.Array.data[0].inSlope
      value: 1
      objectReference: {fileID: 0}
    - target: {fileID: 4655418422612276775, guid: ee2062e5814b9dc478f71ff8ce59ad7d,
        type: 3}
      propertyPath: RotationModule.curve.maxCurve.m_Curve.Array.data[1].inSlope
      value: 1
      objectReference: {fileID: 0}
    - target: {fileID: 4655418422612276775, guid: ee2062e5814b9dc478f71ff8ce59ad7d,
        type: 3}
      propertyPath: RotationModule.curve.maxCurve.m_Curve.Array.data[0].inWeight
      value: 0
      objectReference: {fileID: 0}
    - target: {fileID: 4655418422612276775, guid: ee2062e5814b9dc478f71ff8ce59ad7d,
        type: 3}
      propertyPath: RotationModule.curve.maxCurve.m_Curve.Array.data[0].outSlope
      value: 1
      objectReference: {fileID: 0}
    - target: {fileID: 4655418422612276775, guid: ee2062e5814b9dc478f71ff8ce59ad7d,
        type: 3}
      propertyPath: RotationModule.curve.maxCurve.m_Curve.Array.data[1].inWeight
      value: 0
      objectReference: {fileID: 0}
    - target: {fileID: 4655418422612276775, guid: ee2062e5814b9dc478f71ff8ce59ad7d,
        type: 3}
      propertyPath: RotationModule.curve.maxCurve.m_Curve.Array.data[1].outSlope
      value: 1
      objectReference: {fileID: 0}
    - target: {fileID: 4655418422612276775, guid: ee2062e5814b9dc478f71ff8ce59ad7d,
        type: 3}
      propertyPath: RotationModule.curve.maxCurve.m_Curve.Array.data[0].outWeight
      value: 0
      objectReference: {fileID: 0}
    - target: {fileID: 4655418422612276775, guid: ee2062e5814b9dc478f71ff8ce59ad7d,
        type: 3}
      propertyPath: RotationModule.curve.maxCurve.m_Curve.Array.data[1].outWeight
      value: 0
      objectReference: {fileID: 0}
    - target: {fileID: 4655418422612276775, guid: ee2062e5814b9dc478f71ff8ce59ad7d,
        type: 3}
      propertyPath: RotationModule.curve.maxCurve.m_Curve.Array.data[0].tangentMode
      value: 34
      objectReference: {fileID: 0}
    - target: {fileID: 4655418422612276775, guid: ee2062e5814b9dc478f71ff8ce59ad7d,
        type: 3}
      propertyPath: RotationModule.curve.maxCurve.m_Curve.Array.data[1].tangentMode
      value: 34
      objectReference: {fileID: 0}
    m_RemovedComponents: []
  m_SourcePrefab: {fileID: 100100000, guid: ee2062e5814b9dc478f71ff8ce59ad7d, type: 3}
--- !u!4 &6611062229330833542 stripped
Transform:
  m_CorrespondingSourceObject: {fileID: 4655418422612276772, guid: ee2062e5814b9dc478f71ff8ce59ad7d,
    type: 3}
  m_PrefabInstance: {fileID: 1955802976079120034}
  m_PrefabAsset: {fileID: 0}
--- !u!198 &6611062229330833541 stripped
ParticleSystem:
  m_CorrespondingSourceObject: {fileID: 4655418422612276775, guid: ee2062e5814b9dc478f71ff8ce59ad7d,
    type: 3}
  m_PrefabInstance: {fileID: 1955802976079120034}
  m_PrefabAsset: {fileID: 0}
